@ARTICLE{Hudak1994-ex,
  title = "Haskell vs. Ada vs. C++ vs. awk vs.... an experiment in software prototyping productivity",
  author = "Hudak, Paul and Jones, Mark P",
  journal = "Contract",
  publisher = "cvc.yale.edu",
  volume =  14,
  number = "92-C",
  pages =  0153,
  year =  1994,
  issn = "0010-7832"
}

@ARTICLE{Backus1978-xt,
  title = "The history of {FORTRAN} {I}, {II}, and {III}",
  author = "Backus, John",
  journal = "SIGPLAN Not.",
  publisher = "Association for Computing Machinery (ACM)",
  volume =  13,
  number =  8,
  pages = "165--180",
  month =  aug,
  year =  1978,
  doi = "10.1145/960118.808380",
  issn = "1558-1160",
  language = "en"
}

@ARTICLE{Lerner2007-yq,
  title = "Searching for type-error messages",
  author = "Lerner, Benjamin S and Flower, Matthew and Grossman, Dan and Chambers, Craig",
  journal = "SIGPLAN Not.",
  publisher = "Association for Computing Machinery (ACM)",
  volume =  42,
  number =  6,
  pages = "425--434",
  month =  jun,
  year =  2007,
  doi = "10.1145/1273442.1250783",
  issn = "1558-1160",
  language = "en"
}

@ARTICLE{Jones2005-gb,
  title = "Practical type inference for arbitrary-rank types",
  author = "Jones, Simon Peyton and Vytiniotis, Dimitrios and Weirich, Stephanie and Shields, Mark",
  journal = "Journal of Functional Programming",
  volume =  17,
  month =  jan,
  year =  2005,
  language = "en"
}

@ARTICLE{Berglund2023-ig,
  title = "The Reversal Curse: {LLMs} trained on ``A is {B}'' fail to learn ``{B} is A''",
  author = "Berglund, Lukas and Tong, Meg and Kaufmann, Max and Balesni, Mikita and Stickland, Asa Cooper and Korbak, Tomasz and Evans, Owain",
  journal = "arXiv [cs.CL]",
  month =  sep,
  year =  2023,
  archivePrefix = "arXiv",
  primaryClass = "cs.CL",
  eprint = "2309.12288",
  doi = "10.48550/arXiv.2309.12288"
}

@INPROCEEDINGS{Hanenberg2010-mw,
  title = "An experiment about static and dynamic type systems: doubts about the positive impact of static type systems on development time",
  author = "Hanenberg, Stefan",
  booktitle = "Proceedings of the ACM international conference on Object oriented programming systems languages and applications",
  publisher = "Association for Computing Machinery",
  address = "New York, NY, USA",
  pages = "22--35",
  series = "OOPSLA '10",
  month =  oct,
  year =  2010,
  doi = "10.1145/1869459.1869462",
  isbn =  9781450302036
}

@INPROCEEDINGS{Ye2021-sp,
  title = "Visual Perception Based on Gestalt Theory",
  author = "Ye, Zhiyuan and Xue, Chenqi and Lin, Yun",
  booktitle = "Intelligent Human Systems Integration 2021",
  publisher = "Springer International Publishing",
  pages = "792--797",
  year =  2021,
  doi = "10.1007/978-3-030-68017-6\_118"
}

@INPROCEEDINGS{Endrikat2014-uz,
  title = "How do {API} documentation and static typing affect {API} usability?",
  author = "Endrikat, Stefan and Hanenberg, Stefan and Robbes, Romain and Stefik, Andreas",
  booktitle = "Proceedings of the 36th International Conference on Software Engineering",
  publisher = "Association for Computing Machinery",
  pages = "632--642",
  series = "ICSE 2014",
  month =  may,
  year =  2014,
  doi = "10.1145/2568225.2568299",
  isbn =  9781450327565
}

@ARTICLE{Erwig2011-cc,
  title = "The Choice Calculus: A Representation for Software Variation",
  author = "Erwig, Martin and Walkingshaw, Eric",
  journal = "ACM Trans. Softw. Eng. Methodol.",
  publisher = "Association for Computing Machinery",
  address = "New York, NY, USA",
  volume =  21,
  number =  1,
  pages = "1--27",
  month =  dec,
  year =  2011,
  doi = "10.1145/2063239.2063245",
  issn = "1049-331X"
}

@INPROCEEDINGS{Wielemaker2011-sr,
  title = "On the Portability of Prolog Applications",
  author = "Wielemaker, Jan and Costa, Vítor Santos",
  booktitle = "Practical Aspects of Declarative Languages",
  publisher = "Springer Berlin Heidelberg",
  pages = "69--83",
  year =  2011,
  doi = "10.1007/978-3-642-18378-2\_8"
}

@ARTICLE{Tip2001-qn,
  title = "A slicing-based approach for locating type errors",
  author = "Tip, F and Dinesh, T B",
  journal = "ACM Trans. Softw. Eng. Methodol.",
  publisher = "Association for Computing Machinery",
  address = "New York, NY, USA",
  volume =  10,
  number =  1,
  pages = "5--55",
  month =  jan,
  year =  2001,
  doi = "10.1145/366378.366379",
  issn = "1049-331X"
}

@MISC{Mitchell_undated-fb,
  title = "Hoogle",
  author = "Mitchell, Neil",
  booktitle = "Hoogle",
  howpublished = "\url{https://hoogle.haskell.org/}",
  note = "Accessed: 2024-2-19"
}

@MISC{Griesemer_undated-ff,
  title = "An Introduction To Generics - The Go Programming Language",
  author = "Griesemer, Robert and Taylor, Ian Lance",
  howpublished = "\url{https://go.dev/blog/intro-generics}",
  note = "Accessed: 2024-2-19",
  language = "en"
}

@MISC{Klabnik_undated-wx,
  title = "Generic Data Types",
  author = "Klabnik, Steve and Nichols, Carol",
  booktitle = "The Rust Programming Language",
  howpublished = "\url{https://doc.rust-lang.org/book/ch10-01-syntax.html}",
  note = "Accessed: 2024-2-20",
  language = "en"
}

@ARTICLE{FaxEn2002-nd,
  title = "A static semantics for Haskell",
  author = "FaxÉn, Karl-Filip",
  journal = "Journal of Functional Programming; Cambridge",
  publisher = "Cambridge University Press",
  address = "Cambridge, United Kingdom, Cambridge",
  volume =  12,
  number = "4-5",
  pages = "295--357",
  month =  jul,
  year =  2002,
  doi = "10.1017/S0956796802004380",
  issn = "0956-7968",
  language = "en"
}

@MISC{Haskell_undated-bo,
  title = "Haskell Extension for Visual Studio Code",
  author = "{Haskell}",
  howpublished = "\url{https://marketplace.visualstudio.com/items?itemName=haskell.haskell}",
  note = "Accessed: 2022-12-12"
}

@INPROCEEDINGS{Schilling2012-iq,
  title = "Constraint-Free Type Error Slicing",
  author = "Schilling, Thomas",
  editor = "Peña, Ricardo and Page, Rex",
  booktitle = "Trends in Functional Programming",
  publisher = "Springer",
  address = "Berlin, Heidelberg",
  pages = "1--16",
  series = "Lecture Notes in Computer Science",
  year =  2012,
  doi = "10.1007/978-3-642-32037-8\_1",
  isbn =  9783642320378
}

@BOOK{Jakob_Nielsen1994-gd,
  title = "Usability Engineering",
  author = "{Jakob Nielsen}",
  publisher = "Morgan Kaufmann",
  year =  1994
}

@MISC{OpenReplay2022-nw,
  title = "{OpenReplay}: Open-Source Session Replay",
  author = "{OpenReplay}",
  year =  2022,
  howpublished = "\url{https://openreplay.com/}",
  note = "Accessed: 2022-12-1"
}

@MISC{Bill_Wagner2022-sq,
  title = "Constraints on type parameters - C\# Programming Guide",
  author = "{Bill Wagner}",
  year =  2022,
  howpublished = "\url{https://learn.microsoft.com/en-us/dotnet/csharp/programming-guide/generics/constraints-on-type-parameters}",
  note = "Accessed: 2022-12-1"
}

@MISC{Microsoft2022-tl,
  title = "Documentation - Generics",
  author = "{Microsoft}",
  year =  2022,
  howpublished = "\url{https://www.typescriptlang.org/docs/handbook/2/generics.html}",
  note = "Accessed: 2022-12-1"
}

@MISC{noauthor_undated-ko,
  title = "Stack Overflow Developer Survey 2022",
  howpublished = "\url{https://survey.stackoverflow.co/2022/?utm\_source=social-share\&utm\_medium=social\&utm\_campaign=dev-survey-2022}",
  note = "Accessed: 2022-11-30"
}

@BOOK{Barik2018-ui,
  title = "Error Messages as Rational Reconstructions",
  author = "Barik, Titus",
  publisher = "North Carolina State University",
  year =  2018
}

@MISC{Acm_sigplan2020-eb,
  title = "Integrating User-Centered Methods into Programming Language Design",
  author = "{ACM SIGPLAN}",
  month =  sep,
  year =  2020
}

@MISC{Fu2023-rp,
  title = "Goanna's Haskell Language Coverage",
  author = "Fu, Shuai",
  month =  oct,
  year =  2023,
  howpublished = "\url{https://goanna.fly.dev/coverage.html}",
  note = "Accessed: 2023-10-8"
}

@MISC{Fu2023-bo,
  title = "Goanna Online Demo",
  author = "Fu, Shuai",
  month =  oct,
  year =  2023,
  howpublished = "\url{https://goanna.fly.dev/demo}",
  note = "Accessed: 2023-10-8"
}

@MISC{Fu2023-ne,
  title = "Zero to Hero: A Haskell Puzzle Game",
  author = "Fu, Shuai",
  booktitle = "Zero to Hero",
  year =  2023,
  howpublished = "\url{https://zerotohero.fly.dev}",
  note = "Accessed: 2024-2-22",
  language = "en"
}

@ARTICLE{Kaes1992-hk,
  title = "Type inference in the presence of overloading, subtyping and recursive types",
  author = "Kaes, Stefan",
  journal = "LISP Pointers",
  publisher = "Association for Computing Machinery (ACM)",
  volume = "V",
  number =  1,
  pages = "193--204",
  month =  jan,
  year =  1992,
  doi = "10.1145/141478.141540",
  issn = "1045-3563,1558-0245",
  language = "en"
}

@INPROCEEDINGS{Jun2000-yu,
  title = "Helping students understand polymorphic type errors",
  author = "Jun, Yang and Michaelson, Greg and Trinder, Phil",
  booktitle = "8th Annual Conference on the Teaching of Computing",
  year =  2000
}

@ARTICLE{Beaven1993-ay,
  title = "Explaining type errors in polymorphic languages",
  author = "Beaven, Mike and Stansifer, Ryan",
  journal = "ACM Lett. Program. Lang. Syst.",
  publisher = "Association for Computing Machinery",
  address = "New York, NY, USA",
  volume =  2,
  number = "1-4",
  pages = "17--30",
  month =  mar,
  year =  1993,
  doi = "10.1145/176454.176460",
  issn = "1057-4514"
}

@ARTICLE{Hage2020-hg,
  title = "Solved and open problems in type error diagnosis?",
  author = "Hage, Jurriaan",
  journal = "CEUR Workshop Proc.",
  publisher = "CEUR-WS",
  volume =  2707,
  pages = "62--74",
  month =  oct,
  year =  2020,
  issn = "1613-0073",
  language = "en"
}

@INPROCEEDINGS{Hassan2023-bg,
  title = "Evaluating Beacons, the Role of Variables, Tracing, and Abstract Tracing for Teaching Novices to Understand Program Intent",
  author = "Hassan, Mohammed and Cunningham, Kathryn and Zilles, Craig",
  booktitle = "Proceedings of the 2023 ACM Conference on International Computing Education Research - Volume 1",
  publisher = "Association for Computing Machinery",
  address = "New York, NY, USA",
  volume =  1,
  pages = "329--343",
  series = "ICER '23",
  month =  sep,
  year =  2023,
  doi = "10.1145/3568813.3600140",
  isbn =  9781450399760
}

@INPROCEEDINGS{Zeng2023-jz,
  title = "A Review and Collation of Graphical Perception Knowledge for Visualization Recommendation",
  author = "Zeng, Zehua and Battle, Leilani",
  booktitle = "Proceedings of the 2023 CHI Conference on Human Factors in Computing Systems",
  publisher = "Association for Computing Machinery",
  number = "Article 820",
  pages = "1--16",
  series = "CHI '23",
  month =  apr,
  year =  2023,
  doi = "10.1145/3544548.3581349",
  isbn =  9781450394215
}

@ARTICLE{Chotisarn2020-yw,
  title = "A systematic literature review of modern software visualization",
  author = "Chotisarn, Noptanit and Merino, Leonel and Zheng, Xu and Lonapalawong, Supaporn and Zhang, Tianye and Xu, Mingliang and Chen, Wei",
  journal = "Journal of Visualization",
  volume =  23,
  number =  4,
  pages = "539--558",
  month =  aug,
  year =  2020,
  doi = "10.1007/s12650-020-00647-w",
  issn = "1875-8975"
}

@ARTICLE{Day1970-kb,
  title = "On Closed Categories of Functors",
  author = "Day, Brian",
  journal = "Lecture Notes in Mathematics",
  volume =  137,
  pages = "1--38",
  year =  1970
}

@MISC{Klabnik_undated-mp,
  title = "The Rust Programming Language",
  author = "Klabnik, Steve and Nichols, Carol",
  booktitle = "The Rust Programming Language",
  howpublished = "\url{https://doc.rust-lang.org/book/ch06-01-defining-an-enum.html}",
  note = "Accessed: 2024-2-19",
  language = "en"
}

@MISC{TypeScriptTeam_undated-qk,
  title = "Type Inference",
  author = "{TypeScriptTeam}",
  booktitle = "The TypeScript Handbook",
  howpublished = "\url{https://www.typescriptlang.org/docs/handbook/type-inference.html}",
  note = "Accessed: 2024-2-19",
  language = "en"
}

@ARTICLE{Noone2018-wl,
  title = "Visual and textual programming languages: a systematic review of the literature",
  author = "Noone, Mark and Mooney, Aidan",
  journal = "Journal of Computers in Education",
  volume =  5,
  number =  2,
  pages = "149--174",
  month =  jun,
  year =  2018,
  doi = "10.1007/s40692-018-0101-5",
  issn = "2197-9995"
}

@INPROCEEDINGS{Bhargavan2021-no,
  title = "An In-Depth Symbolic Security Analysis of the {ACME} Standard",
  author = "Bhargavan, Karthikeyan and Bichhawat, Abhishek and Do, Quoc Huy and Hosseyni, Pedram and Küsters, Ralf and Schmitz, Guido and Würtele, Tim",
  booktitle = "Proceedings of the 2021 ACM SIGSAC Conference on Computer and Communications Security",
  publisher = "Association for Computing Machinery",
  pages = "2601--2617",
  series = "CCS '21",
  month =  nov,
  year =  2021,
  doi = "10.1145/3460120.3484588",
  isbn =  9781450384544
}

@INPROCEEDINGS{Mokhov2019-zj,
  title = "Formal verification of spacecraft control programs (experience report)",
  author = "Mokhov, Andrey and Lukyanov, Georgy and Lechner, Jakob",
  booktitle = "Proceedings of the 12th ACM SIGPLAN International Symposium on Haskell",
  publisher = "Association for Computing Machinery",
  pages = "139--145",
  series = "Haskell 2019",
  month =  aug,
  year =  2019,
  doi = "10.1145/3331545.3342593",
  isbn =  9781450368131
}

@ARTICLE{Prechelt2000-bf,
  title = "An empirical comparison of c, c++, java, perl, python, rexx and tcl",
  author = "Prechelt, Lutz",
  journal = "IEEE Computer",
  publisher = "nsl.com",
  volume =  33,
  number =  10,
  pages = "23--29",
  year =  2000
}

@ARTICLE{Wells1999-ob,
  title = "Typability and type checking in System {F} are equivalent and undecidable",
  author = "Wells, J B",
  journal = "Ann. Pure Appl. Logic",
  volume =  98,
  number =  1,
  pages = "111--156",
  month =  jun,
  year =  1999,
  doi = "10.1016/S0168-0072(98)00047-5",
  issn = "0168-0072"
}

@ARTICLE{Ignatiev2020-xu,
  title = "On relating 'Why?' and 'Why Not?' explanations",
  author = "Ignatiev, Alexey and Narodytska, Nina and Asher, Nicholas and Marques-Silva, Joao",
  journal = "arXiv [cs.LG]",
  month =  dec,
  year =  2020,
  archivePrefix = "arXiv",
  primaryClass = "cs.LG",
  eprint = "2012.11067"
}

@ARTICLE{Ritchie1978-pa,
  title = "{UNIX} time-sharing system: The {C} programming language",
  author = "Ritchie, D M and Johnson, S C and Lesk, M E and Kernighan, B W",
  journal = "Bell Syst. Tech. J.",
  publisher = "Institute of Electrical and Electronics Engineers (IEEE)",
  volume =  57,
  number =  6,
  pages = "1991--2019",
  month =  jul,
  year =  1978,
  doi = "10.1002/j.1538-7305.1978.tb02140.x",
  issn = "0005-8580"
}

@MISC{Fortran_Community_undated-ae,
  title = "The Fortran Programming Language — Fortran Programming Language",
  author = "{Fortran Community}",
  howpublished = "\url{https://fortran-lang.org/}",
  note = "Accessed: 2024-4-9",
  language = "en"
}

@MISC{Hage2023-kk,
  title = "Haskell Helium - A Haskell Compiler",
  author = "Hage, Jurriaan and {Helium Contributors}",
  publisher = "Helium4Haskell",
  month =  may,
  year =  2023,
  version = "1.8"
}

@INPROCEEDINGS{Ignatiev2014-nr,
  title = "Towards efficient optimization in package management systems",
  author = "Ignatiev, Alexey and Janota, Mikoláš and Marques-Silva, Joao",
  booktitle = "Proceedings of the 36th International Conference on Software Engineering",
  publisher = "ACM",
  address = "New York, NY, USA",
  month =  may,
  year =  2014,
  doi = "10.1145/2568225.2568306",
  isbn =  9781450327565,
  language = "en"
}

@INPROCEEDINGS{Damas1982-zw,
  title = "Principal type-schemes for functional programs",
  author = "Damas, Luis and Milner, Robin",
  booktitle = "Proceedings of the 9th ACM SIGPLAN-SIGACT symposium on Principles of programming languages",
  publisher = "Association for Computing Machinery",
  pages = "207--212",
  series = "POPL '82",
  month =  jan,
  year =  1982,
  doi = "10.1145/582153.582176",
  isbn =  9780897910651
}

@BOOK{Pierce2002-wk,
  title = "Types and Programming Languages",
  author = "Pierce, Benjamin C",
  publisher = "MIT Press",
  month =  jan,
  year =  2002,
  isbn =  9780262162098,
  language = "en"
}

@INPROCEEDINGS{Claessen2000-rl,
  title = "{QuickCheck}: a lightweight tool for random testing of Haskell programs",
  author = "Claessen, Koen and Hughes, John",
  booktitle = "Proceedings of the fifth ACM SIGPLAN international conference on Functional programming",
  publisher = "Association for Computing Machinery",
  address = "New York, NY, USA",
  pages = "268--279",
  series = "ICFP '00",
  month =  sep,
  year =  2000,
  doi = "10.1145/351240.351266",
  isbn =  9781581132021
}

@ARTICLE{Lee2024-hs,
  title = "Improving {LLM} Classification of Logical Errors by Integrating Error Relationship into Prompts",
  author = "Lee, Yanggyu and Jeong, Suchae and Kim, Jihie",
  journal = "arXiv [cs.AI]",
  month =  apr,
  year =  2024,
  archivePrefix = "arXiv",
  primaryClass = "cs.AI",
  eprint = "2404.19336",
  doi = "10.48550/arXiv.2404.19336"
}

@MISC{Java_Developers2023-an,
  title = "Java - Local Variable Type Inference",
  author = "{Java Developers}",
  booktitle = "Java Language Documentation",
  year =  2023,
  howpublished = "\url{https://docs.oracle.com/en/java/javase/22/language/local-variable-type-inference.html}",
  note = "Accessed: 2024-4-16",
  language = "en"
}

@ARTICLE{Rodler2022-ed,
  title = "A formal proof and simple explanation of the {QuickXplain} algorithm",
  author = "Rodler, Patrick",
  journal = "Artif Intell Rev",
  publisher = "Springer",
  volume =  55,
  number =  8,
  pages = "6185--6206",
  month =  apr,
  year =  2022,
  doi = "10.1007/s10462-022-10149-w",
  pmc = "PMC9622537",
  pmid =  36337611,
  issn = "0269-2821",
  language = "en"
}

@ARTICLE{Lee1998-fx,
  title = "Proofs about a folklore let-polymorphic type inference algorithm",
  author = "Lee, Oukseh and Yi, Kwangkeun",
  journal = "ACM Trans. Program. Lang. Syst.",
  publisher = "Association for Computing Machinery",
  address = "New York, NY, USA",
  volume =  20,
  number =  4,
  pages = "707--723",
  month =  jul,
  year =  1998,
  doi = "10.1145/291891.291892",
  issn = "0164-0925"
}

@ARTICLE{Bjesse1998-lh,
  title = "Lava: hardware design in Haskell",
  author = "Bjesse, Per and Claessen, Koen and Sheeran, Mary and Singh, Satnam",
  journal = "SIGPLAN Not.",
  publisher = "Association for Computing Machinery",
  address = "New York, NY, USA",
  volume =  34,
  number =  1,
  pages = "174--184",
  month =  sep,
  year =  1998,
  doi = "10.1145/291251.289440",
  issn = "0362-1340"
}

@BOOK{Bird1998-kv,
  title = "Introduction to Functional Programming Using Haskell",
  author = "Bird, Richard",
  publisher = "Pearson Educación",
  year =  1998,
  isbn =  9788483221761,
  language = "es"
}

@BOOK{Davie1992-xv,
  title = "Introduction to Functional Programming Systems Using Haskell",
  author = "Davie, Antony J T",
  publisher = "Cambridge University Press",
  month =  jun,
  year =  1992,
  isbn =  9780521277242,
  language = "en"
}

@BOOK{Kernighan1978-xs,
  title = "{UNIX} for Beginners",
  author = "Kernighan, Brian W",
  publisher = "Bell Laboratories MURRAY Hill, NJ",
  volume =  1,
  year =  1978
}

@ARTICLE{Campbell-Kelly1992-rn,
  title = "The Airy tape: an early chapter in the history of debugging",
  author = "Campbell-Kelly, M",
  journal = "IEEE Ann. Hist. Comput.",
  publisher = "IEEE",
  volume =  14,
  number =  4,
  pages = "16--26",
  year =  1992,
  doi = "10.1109/85.194051",
  issn = "1058-6180,1934-1547"
}

@INPROCEEDINGS{Lieberman1995-lg,
  title = "Bridging the gulf between code and behavior in programming",
  author = "Lieberman, Henry and Fry, Christopher",
  booktitle = "Proceedings of the SIGCHI Conference on Human Factors in Computing Systems",
  publisher = "ACM Press/Addison-Wesley Publishing Co.",
  pages = "480--486",
  series = "CHI '95",
  month =  may,
  year =  1995,
  doi = "10.1145/223904.223969",
  isbn =  9780201847055
}

@ARTICLE{Myers2004-fy,
  title = "Natural programming languages and environments",
  author = "Myers, Brad A and Pane, John F and Ko, Amy J",
  journal = "Commun. ACM",
  publisher = "Association for Computing Machinery",
  address = "New York, NY, USA",
  volume =  47,
  number =  9,
  pages = "47--52",
  month =  sep,
  year =  2004,
  doi = "10.1145/1015864.1015888",
  issn = "0001-0782"
}

@ARTICLE{Scarsbrook2023-uq,
  title = "{TypeScript}'s Evolution: An Analysis of Feature Adoption Over Time",
  author = "Scarsbrook, Joshua D and Utting, Mark and Ko, Ryan K L",
  journal = "arXiv [cs.SE]",
  month =  mar,
  year =  2023,
  archivePrefix = "arXiv",
  primaryClass = "cs.SE",
  eprint = "2303.09802",
  doi = "10.48550/arXiv.2303.09802"
}

@ARTICLE{Shi2024-bj,
  title = "Can Language Models Solve Olympiad Programming?",
  author = "Shi, Quan and Tang, Michael and Narasimhan, Karthik and Yao, Shunyu",
  journal = "arXiv [cs.CL]",
  month =  apr,
  year =  2024,
  archivePrefix = "arXiv",
  primaryClass = "cs.CL",
  eprint = "2404.10952",
  doi = "10.48550/arXiv.2404.10952"
}

@PHDTHESIS{McAdam2002-vb,
  title = "Repairing type errors in functional programs",
  author = "McAdam, B",
  editor = "Gilmore, Stephen",
  month =  jul,
  year =  2002,
  school = "University of Edinburgh"
}

@MISC{Fall_undated-ba,
  title = "{PFPL} supplement: Church's λ-calculus",
  author = "Fall, Robert Harper",
  howpublished = "\url{http://www.cs.cmu.edu/~rwh/pfpl/supplements/ulc.pdf}",
  note = "Accessed: 2024-4-21"
}

@ARTICLE{Liu2023-bb,
  title = "Is your code generated by {ChatGPT} really correct? Rigorous evaluation of Large Language Models for code generation",
  author = "Liu, Jiawei and Xia, Chun and Wang, Yuyao and Zhang, Lingming",
  journal = "Adv. Neural Inf. Process. Syst.",
  volume = "abs/2305.01210",
  month =  may,
  year =  2023,
  eprint = "2305.01210",
  doi = "10.48550/arXiv.2305.01210",
  issn = "1049-5258"
}

@INPROCEEDINGS{Ou2015-vr,
  title = "An Interactive System for Data Structure Development",
  author = "Ou, Jibin and Vechev, Martin and Hilliges, Otmar",
  booktitle = "Proceedings of the 33rd Annual ACM Conference on Human Factors in Computing Systems",
  publisher = "Association for Computing Machinery",
  pages = "3053--3062",
  series = "CHI '15",
  month =  apr,
  year =  2015,
  doi = "10.1145/2702123.2702319",
  isbn =  9781450331456
}

@INPROCEEDINGS{Beck2015-my,
  title = "Rethinking User Interfaces for Feature Location",
  author = "Beck, Fabian and Dit, Bogdan and Velasco-Madden, Jaleo and Weiskopf, Daniel and Poshyvanyk, Denys",
  booktitle = "2015 IEEE 23rd International Conference on Program Comprehension",
  publisher = "IEEE",
  pages = "151--162",
  month =  may,
  year =  2015,
  doi = "10.1109/ICPC.2015.24",
  isbn =  9781467381598,
  issn = "1092-8138"
}

@INPROCEEDINGS{Hamari2014-mc,
  title = "Does Gamification Work? -- A Literature Review of Empirical Studies on Gamification",
  author = "Hamari, Juho and Koivisto, Jonna and Sarsa, Harri",
  booktitle = "2014 47th Hawaii International Conference on System Sciences",
  publisher = "IEEE",
  pages = "3025--3034",
  month =  jan,
  year =  2014,
  doi = "10.1109/HICSS.2014.377",
  isbn =  9781479925049,
  issn = "1530-1605"
}

@INPROCEEDINGS{He2014-vp,
  title = "Studying user browsing behavior through gamified search tasks",
  author = "He, Jiyin and Bron, Marc and Azzopardi, Leif and de Vries, Arjen",
  booktitle = "Proceedings of the First International Workshop on Gamification for Information Retrieval",
  publisher = "Association for Computing Machinery",
  pages = "49--52",
  series = "GamifIR '14",
  month =  apr,
  year =  2014,
  doi = "10.1145/2594776.2594787",
  isbn =  9781450328920
}

@INPROCEEDINGS{Da_Silva_Ribeiro2014-tm,
  title = "Programming web-course analysis: How to introduce computer programming?",
  author = "da Silva Ribeiro, Romenig and de Oliveira Brandão, Leônidas and Faria, Tulio Vitor Machado and Brandao, Anarosa Alves Franco",
  booktitle = "2014 IEEE Frontiers in Education Conference (FIE) Proceedings",
  publisher = "IEEE",
  pages = "1--8",
  month =  oct,
  year =  2014,
  doi = "10.1109/FIE.2014.7044140",
  isbn =  9781479939220,
  issn = "0190-5848,2377-634X"
}

@INPROCEEDINGS{Cliburn2008-jo,
  title = "Student opinions of Alice in {CS1}",
  author = "Cliburn, Daniel C",
  booktitle = "2008 38th Annual Frontiers in Education Conference",
  publisher = "IEEE",
  pages = "T3B--1--T3B--6",
  month =  oct,
  year =  2008,
  doi = "10.1109/FIE.2008.4720254",
  isbn =  9781424419692,
  issn = "0190-5848,2377-634X"
}

@ARTICLE{Daly2011-is,
  title = "Minimizing To Maximize: An Initial Attempt At Teaching Introductory Programming Using Alice",
  author = "Daly, Tebring",
  journal = "Journal of Computing Sciences in Colleges",
  publisher = "Consortium for Computing Sciences in Colleges",
  volume =  26,
  number =  5,
  pages = "23--30",
  month =  jan,
  year =  2011,
  issn = "1937-4771"
}

@INPROCEEDINGS{Montero2010-uh,
  title = "Dual instructional support materials for introductory object-oriented programming: Classes vs. objects",
  author = "Montero, Susana and Díaz, Paloma and Díez, David and Aedo, Ignacio",
  booktitle = "IEEE EDUCON 2010 Conference",
  publisher = "IEEE",
  pages = "1929--1934",
  month =  apr,
  year =  2010,
  doi = "10.1109/EDUCON.2010.5492438",
  isbn =  9781424465712,
  issn = "2165-9559,2165-9567"
}

@INPROCEEDINGS{Alshaigy2015-wy,
  title = "{PILeT}: an Interactive Learning Tool To Teach Python",
  author = "Alshaigy, Bedour and Kamal, Samia and Mitchell, Faye and Martin, Clare and Aldea, Arantza",
  booktitle = "Proceedings of the Workshop in Primary and Secondary Computing Education",
  publisher = "Association for Computing Machinery",
  pages = "76--79",
  series = "WiPSCE '15",
  month =  nov,
  year =  2015,
  doi = "10.1145/2818314.2818319",
  isbn =  9781450337533
}

@ARTICLE{Shaphiro1965-dx,
  title = "An analysis of variance test for normality",
  author = "Shaphiro, S and Wilk, M",
  journal = "Biometrika",
  year =  1965,
  issn = "0006-3444,1464-3510"
}

@ARTICLE{Jhala2020-iv,
  title = "Refinement Types: A Tutorial",
  author = "Jhala, Ranjit and Vazou, Niki",
  journal = "arXiv [cs.PL]",
  month =  oct,
  year =  2020,
  archivePrefix = "arXiv",
  primaryClass = "cs.PL",
  eprint = "2010.07763"
}

@INPROCEEDINGS{El_Boustani2009-ft,
  title = "Improving type error messages for generic java",
  author = "El Boustani, Nabil and Hage, Jurriaan",
  booktitle = "Proceedings of the 2009 ACM SIGPLAN workshop on Partial evaluation and program manipulation",
  publisher = "Association for Computing Machinery",
  address = "New York, NY, USA",
  pages = "131--140",
  series = "PEPM '09",
  month =  jan,
  year =  2009,
  doi = "10.1145/1480945.1480964",
  isbn =  9781605583273
}

@INPROCEEDINGS{Barik2014-ib,
  title = "How Developers Visualize Compiler Messages: A Foundational Approach to Notification Construction",
  author = "Barik, Titus and Lubick, Kevin and Christie, Samuel and Murphy-Hill, Emerson",
  booktitle = "2014 Second IEEE Working Conference on Software Visualization",
  publisher = "IEEE",
  pages = "87--96",
  month =  sep,
  year =  2014,
  doi = "10.1109/VISSOFT.2014.24",
  isbn =  9781479961504
}

@INPROCEEDINGS{Sagonas2013-tm,
  title = "Precise explanation of success typing errors",
  author = "Sagonas, Konstantinos and Silva, Josep and Tamarit, Salvador",
  booktitle = "Proceedings of the ACM SIGPLAN 2013 workshop on Partial evaluation and program manipulation",
  publisher = "Association for Computing Machinery",
  address = "New York, NY, USA",
  pages = "33--42",
  series = "PEPM '13",
  month =  jan,
  year =  2013,
  doi = "10.1145/2426890.2426897",
  isbn =  9781450318426
}

@INPROCEEDINGS{El_Boustani2010-gc,
  title = "Corrective hints for type incorrect generic Java programs",
  author = "El Boustani, Nabil and Hage, Jurriaan",
  booktitle = "Proceedings of the 2010 ACM SIGPLAN workshop on Partial evaluation and program manipulation",
  publisher = "Association for Computing Machinery",
  address = "New York, NY, USA",
  pages = "5--14",
  series = "PEPM '10",
  month =  jan,
  year =  2010,
  doi = "10.1145/1706356.1706360",
  isbn =  9781605587271
}

@ARTICLE{Cardelli1987-fp,
  title = "Basic polymorphic typechecking",
  author = "Cardelli, Luca",
  journal = "Sci. Comput. Program.",
  publisher = "Elsevier BV",
  volume =  8,
  number =  2,
  pages = "147--172",
  month =  apr,
  year =  1987,
  doi = "10.1016/0167-6423(87)90019-0",
  issn = "0167-6423,1872-7964",
  language = "en"
}

@ARTICLE{Waldmann2018-hu,
  title = "When You Should Use Lists in Haskell (Mostly, You Should Not)",
  author = "Waldmann, Johannes",
  journal = "arXiv [cs.PL]",
  month =  aug,
  year =  2018,
  archivePrefix = "arXiv",
  primaryClass = "cs.PL",
  eprint = "1808.08329"
}

@BOOK{Ait-Kaci1991-dc,
  title = "Warren's abstract machine: a tutorial reconstruction",
  author = "Aït-Kaci, Hassan",
  publisher = "MIT Press",
  address = "Cambridge, MA, USA",
  month =  aug,
  year =  1991,
  isbn =  9780262510585
}

@ARTICLE{Gaber2022-te,
  title = "Computation of minimal unsatisfiable subformulas for {SAT}-based digital circuit error diagnosis",
  author = "Gaber, Lamya and Hussein, Aziza I and Mahmoud, Hanafy and Mabrook, M Mourad and Moness, Mohammed",
  journal = "J. Ambient Intell. Humaniz. Comput.",
  publisher = "Springer",
  volume =  13,
  number =  7,
  pages = "3693--3711",
  month =  jul,
  year =  2022,
  doi = "10.1007/s12652-020-02247-w",
  issn = "1868-5137,1868-5145"
}

@INCOLLECTION{Marques-Silva2023-nk,
  title = "Logic-Based Explainability in Machine Learning",
  author = "Marques-Silva, Joao",
  editor = "Bertossi, Leopoldo and Xiao, Guohui",
  booktitle = "Reasoning Web. Causality, Explanations and Declarative Knowledge: 18th International Summer School 2022, Berlin, Germany, September 27–30, 2022, Tutorial Lectures",
  publisher = "Springer Nature Switzerland",
  address = "Cham",
  pages = "24--104",
  year =  2023,
  doi = "10.1007/978-3-031-31414-8\_2",
  isbn =  9783031314148
}

@BOOK{Church1985-bx,
  title = "The Calculi of Lambda-conversion",
  author = "Church, Alonzo",
  publisher = "Princeton University Press",
  month =  jan,
  year =  1985,
  isbn =  9780691083940,
  language = "en"
}

@INPROCEEDINGS{Bacchus2015-of,
  title = "Using Minimal Correction Sets to More Efficiently Compute Minimal Unsatisfiable Sets",
  author = "Bacchus, Fahiem and Katsirelos, George",
  booktitle = "Computer Aided Verification",
  publisher = "Springer International Publishing",
  pages = "70--86",
  year =  2015,
  doi = "10.1007/978-3-319-21668-3\_5"
}

@INPROCEEDINGS{Bailey2005-hi,
  title = "Discovery of Minimal Unsatisfiable Subsets of Constraints Using Hitting Set Dualization",
  author = "Bailey, James and Stuckey, Peter J",
  booktitle = "Practical Aspects of Declarative Languages",
  publisher = "Springer Berlin Heidelberg",
  pages = "174--186",
  year =  2005,
  doi = "10.1007/978-3-540-30557-6\_14"
}

@INPROCEEDINGS{Bendik2020-mf,
  title = "{MUST}: Minimal Unsatisfiable Subsets Enumeration Tool",
  author = "Bendík, Jaroslav and Černá, Ivana",
  booktitle = "Tools and Algorithms for the Construction and Analysis of Systems",
  publisher = "Springer International Publishing",
  pages = "135--152",
  year =  2020,
  doi = "10.1007/978-3-030-45190-5\_8"
}

@ARTICLE{Liffiton2008-mx,
  title = "Algorithms for Computing Minimal Unsatisfiable Subsets of Constraints",
  author = "Liffiton, Mark H and Sakallah, Karem A",
  journal = "J. Automat. Reason.",
  publisher = "Springer",
  volume =  40,
  number =  1,
  pages = "1--33",
  month =  jan,
  year =  2008,
  doi = "10.1007/s10817-007-9084-z",
  issn = "0168-7433,1573-0670"
}

@INPROCEEDINGS{Nelson2017-ar,
  title = "The power of ``why'' and ``why not'': enriching scenario exploration with provenance",
  author = "Nelson, Tim and Danas, Natasha and Dougherty, Daniel J and Krishnamurthi, Shriram",
  booktitle = "Proceedings of the 2017 11th Joint Meeting on Foundations of Software Engineering",
  publisher = "ACM",
  month =  aug,
  year =  2017,
  doi = "10.1145/3106237.3106272",
  isbn =  9781450351058
}

@ARTICLE{Prechelt1998-pd,
  title = "A controlled experiment to assess the benefits of procedure argument type checking",
  author = "Prechelt, L and Tichy, W F",
  journal = "IEEE Trans. Software Eng.",
  publisher = "IEEE",
  volume =  24,
  number =  4,
  pages = "302--312",
  month =  apr,
  year =  1998,
  doi = "10.1109/32.677186",
  issn = "0098-5589,1939-3520"
}

@INPROCEEDINGS{Wand1986-lu,
  title = "Finding the source of type errors",
  author = "Wand, Mitchell",
  booktitle = "Proceedings of the 13th ACM SIGACT-SIGPLAN symposium on Principles of programming languages",
  publisher = "Association for Computing Machinery",
  pages = "38--43",
  series = "POPL '86",
  month =  jan,
  year =  1986,
  doi = "10.1145/512644.512648",
  isbn =  9781450373470
}

@INPROCEEDINGS{Suzuki2019-bi,
  title = "Detecting and Analyzing Year 2038 Problem Bugs in User-Level Applications",
  author = "Suzuki, Keita and Kubota, Takafumi and Kono, Kenji",
  booktitle = "2019 IEEE 24th Pacific Rim International Symposium on Dependable Computing (PRDC)",
  publisher = "IEEE",
  pages = "65--6509",
  month =  dec,
  year =  2019,
  doi = "10.1109/PRDC47002.2019.00028",
  isbn =  9781728149615,
  issn = "2473-3105,1555-094X"
}

@MISC{StackOverflow2023-cp,
  title = "Stack Overflow Developer Survey 2023",
  author = "{StackOverflow}",
  booktitle = "Stack Overflow",
  year =  2023,
  howpublished = "\url{https://survey.stackoverflow.co/2023/}",
  note = "Accessed: 2024-5-3",
  language = "en"
}

@MISC{Cass2023-fa,
  title = "The Top Programming Languages 2023",
  author = "Cass, Stephen",
  booktitle = "IEEE Spectrum",
  month =  aug,
  year =  2023,
  howpublished = "\url{https://spectrum.ieee.org/the-top-programming-languages-2023}",
  note = "Accessed: 2024-5-3",
  language = "en"
}

@ARTICLE{Chakravarty2004-ux,
  title = "The risks and benefits of teaching purely functional programming in first year",
  author = "Chakravarty, Manuel M T and Keller, Gabriele",
  journal = "J. Funct. Programming",
  publisher = "Cambridge University Press",
  volume =  14,
  number =  1,
  pages = "113--123",
  month =  jan,
  year =  2004,
  doi = "10.1017/S0956796803004805",
  issn = "0956-7968,1469-7653"
}

@ARTICLE{Joosten1993-be,
  title = "Teaching functional programming to first-year students",
  author = "Joosten, Stef and Van Den Berg, Klaas and Van Der Hoeven, Gerrit",
  journal = "J. Funct. Programming",
  publisher = "Cambridge University Press",
  volume =  3,
  number =  1,
  pages = "49--65",
  month =  jan,
  year =  1993,
  doi = "10.1017/S0956796800000599",
  issn = "0956-7968,1469-7653"
}

@ARTICLE{Hu2015-ch,
  title = "How functional programming mattered",
  author = "Hu, Zhenjiang and Hughes, John and Wang, Meng",
  journal = "National Science Review",
  publisher = "academic.oup.com",
  volume =  2,
  pages = "349--370",
  month =  jul,
  year =  2015,
  doi = "10.1093/NSR/NWV042"
}

@INPROCEEDINGS{Conway2000-nn,
  title = "Alice: lessons learned from building a {3D} system for novices",
  author = "Conway, Matthew and Audia, Steve and Burnette, Tommy and Cosgrove, Dennis and Christiansen, Kevin",
  booktitle = "Proceedings of the SIGCHI conference on Human Factors in Computing Systems",
  publisher = "Association for Computing Machinery",
  pages = "486--493",
  series = "CHI '00",
  month =  apr,
  year =  2000,
  doi = "10.1145/332040.332481",
  isbn =  9781581132168
}

@ARTICLE{Mayer2012-ko,
  title = "Static type systems ( sometimes ) have a positive impact on the usability of undocumented software : An empirical evaluation",
  author = "Mayer, Clemens and Hanenberg, Stefan and Robbes, R and Tanter, É and Stefik, A",
  year =  2012
}

@ARTICLE{Fu2024-jq,
  title = "{GeckoGraph}: A Visual Language for Polymorphic Types",
  author = "Fu, Shuai and Dwyer, Tim and Stuckey, Peter J",
  journal = "arXiv [cs.PL]",
  month =  may,
  year =  2024,
  archivePrefix = "arXiv",
  primaryClass = "cs.PL",
  eprint = "2405.12699"
}

@ARTICLE{Fu2024-rw,
  title = "Goanna: Resolving Haskell Type Errors With Minimal Correction Subsets",
  author = "Fu, Shuai and Dwyer, Tim and Stuckey, Peter J and Grundy, John",
  journal = "arXiv [cs.HC]",
  month =  may,
  year =  2024,
  archivePrefix = "arXiv",
  primaryClass = "cs.HC",
  eprint = "2405.12697"
}

@ARTICLE{Wu2017-eb,
  title = "How type errors were fixed and what students did?",
  author = "Wu, Baijun and Chen, Sheng",
  journal = "Proceedings of the ACM on Programming Languages",
  volume =  1,
  pages = "105:1--105:27",
  month =  oct,
  year =  2017,
  doi = "10.1145/3133929"
}

@INPROCEEDINGS{Fu2021-xd,
  title = "Interactive Haskell Type Inference Exploration (Extended Abstract)",
  author = "Fu, Shuai and Dwyer, Tim and Stuckey, Peter",
  address = "Virtual",
  year =  2021
}

@ARTICLE{Jung2000-oc,
  title = "A visualisation of polymorphic type checking",
  author = "Jung, Yang and Michaelson, Greg",
  journal = "J. Funct. Programming",
  volume =  10,
  number =  1,
  pages = "57--75",
  month =  jan,
  year =  2000,
  doi = "10.1017/S0956796899003597",
  issn = "0956-7968,1469-7653"
}

@INPROCEEDINGS{Uchida2016-zk,
  title = "{C}-Helper: {C} Latent-error Static/Heuristic Checker for Novice Programmers",
  author = "Uchida, Kota and Gondow, Katsuhiko",
  booktitle = "Proceedings of the 8th International Conference on Computer Supported Education",
  publisher = "SCITEPRESS - Science and Technology Publications, Lda",
  address = "Setubal, PRT",
  pages = "321--329",
  series = "CSEDU 2016",
  month =  apr,
  year =  2016,
  doi = "10.5220/0005797703210329",
  isbn =  9789897581793
}

@ARTICLE{Loh2010-nj,
  title = "A tutorial implementation of a dependently typed lambda calculus",
  author = "Löh, Andres and McBride, Conor and Swierstra, Wouter",
  journal = "Fund. Inform.",
  publisher = "IOS Press",
  volume =  102,
  number =  2,
  pages = "177--207",
  year =  2010,
  doi = "10.3233/fi-2010-304",
  issn = "0169-2968,1875-8681"
}

@INPROCEEDINGS{Chen2014-ev,
  title = "Let's hear both sides: On combining type-error reporting tools",
  author = "Chen, Sheng and Erwig, Martin and Smeltzer, Karl",
  booktitle = "2014 {IEEE} Symposium on Visual Languages and Human-Centric Computing ({VL}/{HCC})",
  publisher = "IEEE",
  address = "Melbourne, Australia",
  pages = "145--152",
  month =  jul,
  year =  2014,
  doi = "10.1109/VLHCC.2014.6883038",
  isbn =  9781479940356
}

@ARTICLE{Seidel2017-uf,
  title = "Learning to blame: localizing novice type errors with data-driven diagnosis",
  author = "Seidel, Eric L and Sibghat, Huma and Chaudhuri, Kamalika and Weimer, Westley and Jhala, Ranjit",
  journal = "Proceedings of the ACM on Programming Languages",
  volume =  1,
  pages = "1--27",
  month =  oct,
  year =  2017,
  doi = "10.1145/3138818",
  issn = "2475-1421"
}

@ARTICLE{Caprara2000-vw,
  title = "Algorithms for the Set Covering Problem",
  author = "Caprara, Alberto and Toth, Paolo and Fischetti, Matteo",
  journal = "Ann. Oper. Res.",
  volume =  98,
  number =  1,
  pages = "353--371",
  month =  dec,
  year =  2000,
  doi = "10.1023/A:1019225027893",
  issn = "0254-5330,1572-9338"
}

@INPROCEEDINGS{Kang2017-yp,
  title = "Omnicode: A Novice-Oriented Live Programming Environment with Always-On Run-Time Value Visualizations",
  author = "Kang, Hyeonsu and Guo, Philip J",
  booktitle = "Proceedings of the 30th Annual {ACM} Symposium on User Interface Software and Technology",
  publisher = "ACM",
  address = "Québec City QC Canada",
  pages = "737--745",
  month =  oct,
  year =  2017,
  doi = "10.1145/3126594.3126632",
  isbn =  9781450349819
}

@INCOLLECTION{Chatley2019-uq,
  title = "The Next 7000 Programming Languages",
  author = "Chatley, Robert and Donaldson, Alastair and Mycroft, Alan",
  editor = "Steffen, Bernhard and Woeginger, Gerhard",
  booktitle = "Computing and Software Science: State of the Art and Perspectives",
  publisher = "Springer International Publishing",
  address = "Cham",
  pages = "250--282",
  series = "Lecture Notes in Computer Science",
  year =  2019,
  doi = "10.1007/978-3-319-91908-9\_15",
  isbn =  9783319919089
}

@ARTICLE{Haack2004-fr,
  title = "Type error slicing in implicitly typed higher-order languages",
  author = "Haack, Christian and Wells, J B",
  journal = "Science of Computer Programming",
  volume =  50,
  number =  1,
  pages = "189--224",
  series = "12th European Symposium on Programming (ESOP 2003)",
  month =  mar,
  year =  2004,
  doi = "10.1016/j.scico.2004.01.004",
  issn = "0167-6423"
}

@INPROCEEDINGS{Peitek2020-nb,
  title = "What Drives the Reading Order of Programmers?: An Eye Tracking Study",
  author = "Peitek, Norman and Siegmund, Janet and Apel, Sven",
  booktitle = "Proceedings of the 28th International Conference on Program Comprehension",
  publisher = "ACM",
  address = "Seoul Republic of Korea",
  pages = "342--353",
  month =  jul,
  year =  2020,
  doi = "10.1145/3387904.3389279",
  isbn =  9781450379588
}

@MISC{noauthor_undated-kx,
  title = "Defining an Enum - The Rust Programming Language",
  howpublished = "\url{https://doc.rust-lang.org/book/ch06-01-defining-an-enum.html}",
  note = "Accessed: 2023-10-13"
}

@PHDTHESIS{Van_den_Geest2007-sl,
  title = "Constraints for Type Class Extensions",
  author = "van den Geest, Gerrit",
  address = "P.O. Box 80.089 3508 TB Utrecht The Netherlands",
  month =  feb,
  year =  2007,
  school = "Universiteit Utrecht"
}

@INPROCEEDINGS{Bendik2020-pz,
  title = "{MUST}: Minimal Unsatisfiable Subsets Enumeration Tool",
  author = "Bendík, Jaroslav and Černá, Ivana",
  editor = "Biere, Armin and Parker, David",
  booktitle = "Tools and Algorithms for the Construction and Analysis of Systems",
  publisher = "Springer International Publishing",
  address = "Cham",
  pages = "135--152",
  series = "Lecture Notes in Computer Science",
  year =  2020,
  doi = "10.1007/978-3-030-45190-5\_8",
  isbn =  9783030451905
}

@MISC{StackOverflow2022-aw,
  title = "Stack Overflow Developer Survey 2022",
  author = "{StackOverflow}",
  year =  2022,
  howpublished = "\url{https://survey.stackoverflow.co/2022/}",
  note = "Accessed: 2022-11-30"
}

@INPROCEEDINGS{Xu2016-za,
  title = "Python predictive analysis for bug detection",
  author = "Xu, Zhaogui and Liu, Peng and Zhang, Xiangyu and Xu, Baowen",
  booktitle = "Proceedings of the 2016 24th {ACM} {SIGSOFT} International Symposium on Foundations of Software Engineering",
  publisher = "Association for Computing Machinery",
  address = "New York, NY, USA",
  pages = "121--132",
  series = "FSE 2016",
  month =  nov,
  year =  2016,
  doi = "10.1145/2950290.2950357",
  isbn =  9781450342186
}

@ARTICLE{Fruhwirth_undated-gj,
  title = "Constraint Handling Rules?",
  author = "Fruhwirth, Thom",
  pages =  18
}

@MISC{Fu2022-xp,
  title = "Chameleon Type Debugger",
  author = "Fu, Shuai",
  year =  2022,
  howpublished = "\url{https://chameleon.typecheck.me/}",
  note = "Accessed: 2022-12-1"
}

@ARTICLE{Clerici2013-ru,
  title = "Graphical and incremental type inference. A graph transformation approach",
  author = "Clerici, Silvia and Zoltan, Cristina and Prestigiacomo, Guillermo",
  journal = "High.-order Symb. Comput.",
  publisher = "Springer Science and Business Media LLC",
  volume =  26,
  number = "1-4",
  pages = "29--62",
  month =  dec,
  year =  2013,
  doi = "10.1007/s10990-014-9104-8",
  issn = "1573-0557",
  language = "en"
}

@INPROCEEDINGS{Storey2005-hv,
  title = "Theories, methods and tools in program comprehension: past, present and future",
  author = "Storey, M-A",
  booktitle = "13th International Workshop on Program Comprehension ({IWPC}'05)",
  publisher = "IEEE",
  address = "St. Louis, MO, USA",
  pages = "181--191",
  year =  2005,
  doi = "10.1109/WPC.2005.38",
  isbn =  9780769522548
}

@ARTICLE{Chargueraud2015-km,
  title = "Improving Type Error Messages in {OCaml}",
  author = "Charguéraud, Arthur",
  journal = "Electronic Proceedings in Theoretical Computer Science",
  volume =  198,
  pages = "80--97",
  month =  dec,
  year =  2015,
  doi = "10.4204/EPTCS.198.4",
  issn = "2075-2180"
}

@MISC{Mypy_undated-oe,
  title = "mypy - Optional Static Typing for Python",
  author = "{mypy}",
  howpublished = "\url{http://mypy-lang.org/}",
  note = "Accessed: 2022-12-7"
}

@ARTICLE{Gibbons_undated-vt,
  title = "The Essence of the Iterator Pattern",
  author = "Gibbons, Jeremy and Building, Wolfson and Road, Parks",
  pages =  25
}

@ARTICLE{Zhang2015-xy,
  title = "Diagnosing type errors with class",
  author = "Zhang, Danfeng and Myers, Andrew C and Vytiniotis, Dimitrios and Peyton-Jones, Simon",
  journal = "SIGPLAN Not.",
  publisher = "Association for Computing Machinery (ACM)",
  volume =  50,
  number =  6,
  pages = "12--21",
  month =  aug,
  year =  2015,
  doi = "10.1145/2813885.2738009",
  issn = "1558-1160",
  language = "en"
}

@MISC{Leinonen2022-no,
  title = "Using Large Language Models to Enhance Programming Error Messages",
  author = "Leinonen, Juho and Hellas, Arto and Sarsa, Sami and Reeves, Brent and Denny, Paul and Prather, James and Becker, Brett A",
  publisher = "arXiv",
  number = "arXiv:2210.11630",
  month =  oct,
  year =  2022,
  eprint = "2210.11630 [cs]",
  doi = "10.48550/arXiv.2210.11630"
}

@ARTICLE{Previti2013-mr,
  title = "Partial {MUS} Enumeration",
  author = "Previti, Alessandro and Marques-Silva, Joao",
  journal = "Proc. Conf. AAAI Artif. Intell.",
  volume =  27,
  number =  1,
  pages = "818--825",
  month =  jun,
  year =  2013,
  doi = "10.1609/aaai.v27i1.8657",
  issn = "2159-5399,2374-3468"
}

@INPROCEEDINGS{Chen2020-nq,
  title = "An Empirical Study on Dynamic Typing Related Practices in Python Systems",
  author = "Chen, Zhifei and Li, Yanhui and Chen, Bihuan and Ma, Wanwangying and Chen, Lin and Xu, Baowen",
  booktitle = "Proceedings of the 28th International Conference on Program Comprehension",
  publisher = "Association for Computing Machinery",
  address = "New York, NY, USA",
  pages = "83--93",
  series = "ICPC '20",
  month =  sep,
  year =  2020,
  doi = "10.1145/3387904.3389253",
  isbn =  9781450379588
}

@ARTICLE{Binkley2007-ev,
  title = "An empirical study of static program slice size",
  author = "Binkley, David and Gold, Nicolas and Harman, Mark",
  journal = "ACM Trans. Softw. Eng. Methodol.",
  volume =  16,
  number =  2,
  pages =  8,
  month =  apr,
  year =  2007,
  doi = "10.1145/1217295.1217297",
  issn = "1049-331X,1557-7392"
}

@INPROCEEDINGS{Zhao2016-bu,
  title = "Parallelizing Partial {MUS} Enumeration",
  author = "Zhao, Wenting and Liffiton, Mark H",
  booktitle = "2016 {IEEE} 28th International Conference on Tools with Artificial Intelligence ({ICTAI})",
  publisher = "IEEE",
  address = "San Jose, CA, USA",
  pages = "464--471",
  month =  nov,
  year =  2016,
  doi = "10.1109/ICTAI.2016.0077",
  isbn =  9781509044597
}

@MISC{noauthor_undated-gh,
  title = "Documentation - Type Inference",
  howpublished = "\url{https://www.typescriptlang.org/docs/handbook/type-inference.html}",
  note = "Accessed: 2023-10-13"
}

@MISC{noauthor_undated-uc,
  title = "Top Programming Languages 2021",
  howpublished = "\url{https://spectrum.ieee.org/top-programming-languages/}",
  note = "Accessed: 2021-9-30"
}

@ARTICLE{Graham_Hutton2021-bm,
  title = "It’s Easy As 1,2,3",
  author = "{Graham Hutton}",
  journal = "Functional Programming",
  pages = "18--33",
  month =  jan,
  year =  2021
}

@MISC{Stack_Exchange_Inc_undated-id,
  title = "Stack Overflow",
  author = "{Stack Exchange Inc}",
  howpublished = "\url{https://stackoverflow.com/}",
  note = "Accessed: 2023-6-2"
}

@ARTICLE{Tirronen2015-nr,
  title = "Understanding beginners' mistakes with Haskell",
  author = "Tirronen, Ville and Uusi-Mäkelä, Samuel and Isomöttönen, Ville",
  journal = "J. Funct. Programming",
  volume =  25,
  pages = "e11",
  year =  2015,
  doi = "10.1017/S0956796815000179",
  issn = "0956-7968,1469-7653"
}

@ARTICLE{Djang2000-hn,
  title = "Static Type Inference for a First-Order Declarative Visual Programming Language with Inheritance",
  author = "Djang, Rebecca Walpole and Burnett, Margaret M and Chen, Roger D",
  journal = "Journal of Visual Languages \& Computing",
  volume =  11,
  number =  2,
  pages = "191--235",
  month =  apr,
  year =  2000,
  doi = "10.1006/jvlc.1999.0153",
  issn = "1045-926X"
}

@INPROCEEDINGS{Duboscq2013-xr,
  title = "An intermediate representation for speculative optimizations in a dynamic compiler",
  author = "Duboscq, Gilles and Würthinger, Thomas and Stadler, Lukas and Wimmer, Christian and Simon, Doug and Mössenböck, Hanspeter",
  booktitle = "Proceedings of the 7th {ACM} workshop on Virtual machines and intermediate languages - {VMIL} '13",
  publisher = "ACM Press",
  address = "Indianapolis, Indiana, USA",
  pages = "1--10",
  year =  2013,
  doi = "10.1145/2542142.2542143",
  isbn =  9781450326018
}

@ARTICLE{Grant2011-iw,
  title = "The Hindley-Milner Type Inference Algorithm",
  author = "Grant, Ian",
  journal = "Unpublished manuscript, January",
  pages =  30,
  year =  2011
}

@MISC{Google_Developers_undated-ew,
  title = "{OR}-Tools",
  author = "{Google Developers}",
  version = "v9.7"
}

@INPROCEEDINGS{Pavlinovic2015-ke,
  title = "Practical {SMT}-based type error localization",
  author = "Pavlinovic, Zvonimir and King, Tim and Wies, Thomas",
  booktitle = "Proceedings of the 20th {ACM} {SIGPLAN} International Conference on Functional Programming",
  publisher = "Association for Computing Machinery",
  address = "New York, NY, USA",
  pages = "412--423",
  series = "ICFP 2015",
  month =  aug,
  year =  2015,
  doi = "10.1145/2784731.2784765",
  isbn =  9781450336697
}

@MISC{HLS-Developers2023-ot,
  title = "Haskell Language Server - {IDE} support for Haskell via language server",
  author = "{HLS-Developers}",
  year =  2023,
  version = "2.3.0.0"
}

@INPROCEEDINGS{Gao2017-xn,
  title = "To Type or Not to Type: Quantifying Detectable Bugs in {JavaScript}",
  author = "Gao, Zheng and Bird, Christian and Barr, Earl T",
  booktitle = "2017 {IEEE}/{ACM} 39th International Conference on Software Engineering ({ICSE})",
  pages = "758--769",
  month =  may,
  year =  2017,
  doi = "10.1109/ICSE.2017.75"
}

@ARTICLE{Strachey2000-nv,
  title = "Fundamental Concepts in Programming Languages",
  author = "Strachey, Christopher",
  journal = "Higher-Order and Symbolic Computation",
  volume =  13,
  number =  1,
  pages = "11--49",
  month =  apr,
  year =  2000,
  doi = "10.1023/A:1010000313106",
  issn = "1573-0557"
}

@ARTICLE{Lindley2011-zc,
  title = "Idioms are Oblivious, Arrows are Meticulous, Monads are Promiscuous",
  author = "Lindley, Sam and Wadler, Philip and Yallop, Jeremy",
  journal = "Electron. Notes Theor. Comput. Sci.",
  volume =  229,
  number =  5,
  pages = "97--117",
  month =  mar,
  year =  2011,
  doi = "10.1016/j.entcs.2011.02.018",
  issn = "1571-0661"
}

@INPROCEEDINGS{Hartmann2010-du,
  title = "What would other programmers do: suggesting solutions to error messages",
  author = "Hartmann, Björn and MacDougall, Daniel and Brandt, Joel and Klemmer, Scott R",
  booktitle = "Proceedings of the {SIGCHI} Conference on Human Factors in Computing Systems",
  publisher = "Association for Computing Machinery",
  address = "New York, NY, USA",
  pages = "1019--1028",
  series = "CHI '10",
  month =  apr,
  year =  2010,
  doi = "10.1145/1753326.1753478",
  isbn =  9781605589299
}

@INPROCEEDINGS{McIver1996-aj,
  title = "Seven deadly sins of introductory programming language design",
  author = "McIver, L and Conway, D",
  booktitle = "Proceedings 1996 International Conference Software Engineering: Education and Practice",
  publisher = "IEEE Comput. Soc. Press",
  address = "Dunedin, New Zealand",
  pages = "309--316",
  year =  1996,
  doi = "10.1109/SEEP.1996.534015",
  isbn =  9780818673795
}

@MISC{Bogner2022-vf,
  title = "To Type or Not to Type? A Systematic Comparison of the Software Quality of {JavaScript} and {TypeScript} Applications on {GitHub}",
  author = "Bogner, Justus and Merkel, Manuel",
  publisher = "arXiv",
  number = "arXiv:2203.11115",
  month =  mar,
  year =  2022,
  eprint = "2203.11115 [cs]",
  doi = "10.48550/arXiv.2203.11115"
}

@INPROCEEDINGS{Fix1993-nm,
  title = "Mental representations of programs by novices and experts",
  author = "Fix, Vikki and Wiedenbeck, Susan and Scholtz, Jean",
  booktitle = "Proceedings of the {SIGCHI} conference on Human factors in computing systems - {CHI} '93",
  publisher = "ACM Press",
  address = "Amsterdam, The Netherlands",
  pages = "74--79",
  year =  1993,
  doi = "10.1145/169059.169088",
  isbn =  9780897915755
}

@INPROCEEDINGS{Prather2017-dg,
  title = "On Novices' Interaction with Compiler Error Messages: A Human Factors Approach",
  author = "Prather, James and Pettit, Raymond and McMurry, Kayla Holcomb and Peters, Alani and Homer, John and Simone, Nevan and Cohen, Maxine",
  booktitle = "Proceedings of the 2017 {ACM} Conference on International Computing Education Research",
  publisher = "Association for Computing Machinery",
  address = "New York, NY, USA",
  pages = "74--82",
  series = "ICER '17",
  month =  aug,
  year =  2017,
  doi = "10.1145/3105726.3106169",
  isbn =  9781450349680
}

@ARTICLE{Sulzmann2007-jt,
  title = "Understanding functional dependencies via constraint handling rules",
  author = "Sulzmann, Martin and Duck, Gregory J and Peyton-Jones, Simon and Stuckey, Peter J",
  journal = "J. Funct. Programming",
  volume =  17,
  number =  1,
  pages = "83--129",
  month =  jan,
  year =  2007,
  doi = "10.1017/S0956796806006137",
  issn = "0956-7968,1469-7653"
}

@INPROCEEDINGS{Becker2021-wb,
  title = "Towards Assessing the Readability of Programming Error Messages",
  author = "Becker, Brett A and Denny, Paul and Prather, James and Pettit, Raymond and Nix, Robert and Mooney, Catherine",
  booktitle = "Australasian Computing Education Conference",
  publisher = "ACM",
  address = "Virtual SA Australia",
  pages = "181--188",
  month =  feb,
  year =  2021,
  doi = "10.1145/3441636.3442320",
  isbn =  9781450389761
}

@INPROCEEDINGS{Marceau2011-jq,
  title = "Measuring the effectiveness of error messages designed for novice programmers",
  author = "Marceau, Guillaume and Fisler, Kathi and Krishnamurthi, Shriram",
  booktitle = "Proceedings of the 42nd {ACM} technical symposium on Computer science education",
  publisher = "Association for Computing Machinery",
  address = "New York, NY, USA",
  pages = "499--504",
  series = "SIGCSE '11",
  month =  mar,
  year =  2011,
  doi = "10.1145/1953163.1953308",
  isbn =  9781450305006
}

@INCOLLECTION{Fruhwirth2008-vr,
  title = "Welcome to Constraint Handling Rules",
  author = "Frühwirth, Thom",
  editor = "Schrijvers, Tom and Frühwirth, Thom",
  booktitle = "Constraint Handling Rules",
  publisher = "Springer Berlin Heidelberg",
  address = "Berlin, Heidelberg",
  volume =  5388,
  pages = "1--15",
  year =  2008,
  doi = "10.1007/978-3-540-92243-8\_1",
  isbn = "9783540922421,9783540922438"
}

@INPROCEEDINGS{Lerner2007-mu,
  title = "Searching for type-error messages",
  author = "Lerner, Benjamin S and Flower, Matthew and Grossman, Dan and Chambers, Craig",
  booktitle = "Proceedings of the 28th {ACM} {SIGPLAN} Conference on Programming Language Design and Implementation",
  publisher = "Association for Computing Machinery",
  address = "New York, NY, USA",
  pages = "425--434",
  series = "PLDI '07",
  month =  jun,
  year =  2007,
  doi = "10.1145/1250734.1250783",
  isbn =  9781595936332
}

@MISC{Ferdowsi2023-cv,
  title = "Towards human-centered types \& type debugging",
  author = "Ferdowsi, Kasra",
  publisher = "Plateau Workshop",
  month =  mar,
  year =  2023,
  doi = "10.1184/R1/22227457.V1"
}

@INPROCEEDINGS{Ko2009-uf,
  title = "Finding causes of program output with the Java Whyline",
  author = "Ko, Amy J and Myers, Brad A",
  booktitle = "Proceedings of the {SIGCHI} Conference on Human Factors in Computing Systems",
  publisher = "Association for Computing Machinery",
  address = "New York, NY, USA",
  pages = "1569--1578",
  series = "CHI '09",
  month =  apr,
  year =  2009,
  doi = "10.1145/1518701.1518942",
  isbn =  9781605582467
}

@INPROCEEDINGS{Fu2023-fm,
  title = "{ChameleonIDE}: Untangling Type Errors Through Interactive Visualization and Exploration",
  author = "Fu, Shuai and Dwyer, Tim and Stuckey, Peter J and Wain, Jackson and Linossier, Jesse",
  publisher = "arXiv",
  month =  mar,
  year =  2023,
  doi = "10.48550/arXiv.2303.09791"
}

@MISC{Cristia2023-df,
  title = "Combining Type Checking and Set Constraint Solving to Improve Automated Software Verification",
  author = "Cristiá, Maximiliano and Rossi, Gianfranco",
  publisher = "arXiv",
  number = "arXiv:2205.01713",
  month =  oct,
  year =  2023,
  eprint = "2205.01713 [cs]"
}

@INPROCEEDINGS{Jbara2015-gr,
  title = "How Programmers Read Regular Code: A Controlled Experiment Using Eye Tracking",
  author = "Jbara, Ahmad and Feitelson, Dror G",
  booktitle = "2015 {IEEE} 23rd International Conference on Program Comprehension",
  pages = "244--254",
  month =  may,
  year =  2015,
  doi = "10.1109/ICPC.2015.35"
}

@MISC{Github2022-nm,
  title = "{GitHub}: Top Ranking Haskell Projects By Popularity",
  author = "{Github}",
  booktitle = "GitHub",
  year =  2022,
  howpublished = "\url{https://github.com/topics/haskell}",
  note = "Accessed: 2022-12-1"
}

@INPROCEEDINGS{Almeida2022-bv,
  title = "{RustViz}: Interactively Visualizing Ownership and Borrowing",
  author = "Almeida, Marcelo and Cole, Grant and Du, Ke and Luo, Gongming and Pan, Shulin and Pan, Yu and Qiu, Kai and Reddy, Vishnu and Zhang, Haochen and Zhu, Yingying and Omar, Cyrus",
  booktitle = "2022 {IEEE} Symposium on Visual Languages and Human-Centric Computing ({VL}/{HCC})",
  publisher = "IEEE",
  address = "Roma, Italy",
  pages = "1--10",
  month =  sep,
  year =  2022,
  doi = "10.1109/VL/HCC53370.2022.9833121",
  isbn =  9781665442145
}

@INPROCEEDINGS{Pavlinovic2014-tc,
  title = "Finding minimum type error sources",
  author = "Pavlinovic, Zvonimir and King, Tim and Wies, Thomas",
  booktitle = "Proceedings of the 2014 {ACM} International Conference on Object Oriented Programming Systems Languages \& Applications",
  publisher = "ACM",
  address = "Portland Oregon USA",
  pages = "525--542",
  month =  oct,
  year =  2014,
  doi = "10.1145/2660193.2660230",
  isbn =  9781450325851
}

@ARTICLE{Zhang2017-tj,
  title = "{SHErrLoc}: A Static Holistic Error Locator",
  author = "Zhang, Danfeng and Myers, Andrew C and Vytiniotis, Dimitrios and Peyton-Jones, Simon",
  journal = "ACM Trans. Program. Lang. Syst.",
  volume =  39,
  number =  4,
  pages = "1--47",
  month =  dec,
  year =  2017,
  doi = "10.1145/3121137",
  issn = "0164-0925,1558-4593"
}

@INPROCEEDINGS{Neubauer2003-xd,
  title = "Discriminative sum types locate the source of type errors",
  author = "Neubauer, Matthias and Thiemann, Peter",
  booktitle = "Proceedings of the eighth {ACM} {SIGPLAN} international conference on Functional programming - {ICFP} '03",
  publisher = "ACM Press",
  address = "Uppsala, Sweden",
  pages = "15--26",
  year =  2003,
  doi = "10.1145/944705.944708",
  isbn =  9781581137569
}

@INPROCEEDINGS{Denny2021-so,
  title = "On Designing Programming Error Messages for Novices: Readability and its Constituent Factors",
  author = "Denny, Paul and Prather, James and Becker, Brett A and Mooney, Catherine and Homer, John and Albrecht, Zachary C and Powell, Garrett B",
  booktitle = "Proceedings of the 2021 {CHI} Conference on Human Factors in Computing Systems",
  publisher = "Association for Computing Machinery",
  address = "New York, NY, USA",
  pages = "1--15",
  series = "CHI '21",
  month =  may,
  year =  2021,
  doi = "10.1145/3411764.3445696",
  isbn =  9781450380966
}

@INPROCEEDINGS{Barik2018-xs,
  title = "How should compilers explain problems to developers?",
  author = "Barik, Titus and Ford, Denae and Murphy-Hill, Emerson and Parnin, Chris",
  booktitle = "Proceedings of the 2018 26th {ACM} Joint Meeting on European Software Engineering Conference and Symposium on the Foundations of Software Engineering",
  pages = "633--643",
  year =  2018
}

@MISC{Ferdowsi2023-au,
  title = "The Usability of Advanced Type Systems: Rust as a Case Study",
  author = "Ferdowsi, Kasra",
  publisher = "arXiv",
  number = "arXiv:2301.02308",
  month =  jan,
  year =  2023,
  eprint = "2301.02308 [cs]"
}

@MISC{Microsoft_undated-hs,
  title = "Visual Studio Code - Code Editing. Redefined",
  author = "{Microsoft}",
  howpublished = "\url{https://code.visualstudio.com/}",
  note = "Accessed: 2022-12-12"
}

@ARTICLE{Liffiton2016-xi,
  title = "Fast, flexible {MUS} enumeration",
  author = "Liffiton, Mark H and Previti, Alessandro and Malik, Ammar and Marques-Silva, Joao",
  journal = "Constraints",
  volume =  21,
  number =  2,
  pages = "223--250",
  month =  apr,
  year =  2016,
  doi = "10.1007/s10601-015-9183-0",
  issn = "1383-7133,1572-9354"
}

@INPROCEEDINGS{Yang2000-wn,
  title = "Improved type error reporting",
  author = "Yang, Jun and Michaelson, Greg and Trinder, Phil and Wells, Joseph Brian",
  booktitle = "In Proceedings of 12th International Workshop on Implementation of Functional Languages",
  publisher = "Citeseer",
  year =  2000
}

@MISC{Zeng2019-ou,
  title = "Identifying Barriers to Adoption for Rust through Online Discourse",
  author = "Zeng, Anna and Crichton, Will",
  publisher = "arXiv",
  number = "arXiv:1901.01001",
  month =  jan,
  year =  2019,
  eprint = "1901.01001 [cs]",
  doi = "10.48550/arXiv.1901.01001"
}

@PHDTHESIS{Wazny2006-ll,
  title = "Type inference and type error diagnosis for Hindley/Milner with extensions",
  author = "Wazny, Jeremy Richard",
  address = "Parkville, Melbourne",
  month =  jan,
  year =  2006,
  school = "University of Melbourne"
}

@INPROCEEDINGS{Becker2019-cs,
  title = "Compiler Error Messages Considered Unhelpful: The Landscape of Text-Based Programming Error Message Research",
  author = "Becker, Brett A and Denny, Paul and Pettit, Raymond and Bouchard, Durell and Bouvier, Dennis J and Harrington, Brian and Kamil, Amir and Karkare, Amey and McDonald, Chris and Osera, Peter-Michael and Pearce, Janice L and Prather, James",
  booktitle = "Proceedings of the Working Group Reports on Innovation and Technology in Computer Science Education",
  publisher = "ACM",
  address = "Aberdeen Scotland Uk",
  pages = "177--210",
  month =  dec,
  year =  2019,
  doi = "10.1145/3344429.3372508",
  isbn =  9781450375672
}

@ARTICLE{Sulir2018-qh,
  title = "Visual augmentation of source code editors: A systematic mapping study",
  author = "Sulír, Matúš and Bačíková, Michaela and Chodarev, Sergej and Porubän, Jaroslav",
  journal = "Journal of Visual Languages \& Computing",
  volume =  49,
  pages = "46--59",
  month =  dec,
  year =  2018,
  doi = "10.1016/j.jvlc.2018.10.001",
  issn = "1045-926X"
}

@ARTICLE{Coblenz2021-uo,
  title = "Does the Bronze Garbage Collector Make Rust Easier to Use? A Controlled Experiment",
  author = "Coblenz, Michael and Mazurek, Michelle and Hicks, Michael",
  journal = "arXiv:2110. 01098 [cs]",
  month =  oct,
  year =  2021,
  eprint = "2110.01098"
}

@INCOLLECTION{Previti2017-xa,
  title = "Improving {MCS} Enumeration via Caching",
  author = "Previti, Alessandro and Mencía, Carlos and Järvisalo, Matti and Marques-Silva, Joao",
  editor = "Gaspers, Serge and Walsh, Toby",
  booktitle = "Theory and Applications of Satisfiability Testing – {SAT} 2017",
  publisher = "Springer International Publishing",
  address = "Cham",
  volume =  10491,
  pages = "184--194",
  year =  2017,
  doi = "10.1007/978-3-319-66263-3\_12",
  isbn = "9783319662626,9783319662633"
}

@MISC{Oracle2022-lc,
  title = "Generic Methods and Bounded Type Parameters (The Java™ Tutorials - Learning the Java Language - Generics (Updated))",
  author = "{Oracle}",
  year =  2022,
  howpublished = "\url{https://docs.oracle.com/javase/tutorial/java/generics/boundedTypeParams.html}",
  note = "Accessed: 2022-12-1"
}

@INPROCEEDINGS{Tsushima2021-es,
  title = "Type debugging with counter-factual type error messages using an existing type checker",
  author = "Tsushima, Kanae and Chitil, Olaf and Sharrad, Joanna",
  booktitle = "Proceedings of the 31st Symposium on Implementation and Application of Functional Languages",
  publisher = "Association for Computing Machinery",
  address = "New York, NY, USA",
  pages = "1--12",
  series = "IFL '19",
  month =  jul,
  year =  2021,
  doi = "10.1145/3412932.3412939",
  isbn =  9781450375627
}

@MISC{Sussman_undated-ll,
  title = "Constraints: A Language for Expressing Almost-Hierarchical Descriptions",
  author = "Sussman, Gerald Jay and Steele, Guy Lewis J R",
  howpublished = "\url{https://dspace.mit.edu/bitstream/handle/1721.1/6312/AIM-502a.pdf}",
  note = "Accessed: 2021-6-20"
}

@INPROCEEDINGS{Potter2020-tv,
  title = "Hazel Tutor: Guiding Novices Through Type-Driven Development Strategies",
  author = "Potter, Hannah and Omar, Cyrus",
  booktitle = "Human Aspects of Types and Reasoning Assistants 2020",
  publisher = "ACM",
  pages =  10,
  year =  2020
}

@MISC{Gamari_undated-zu,
  title = "The Glasgow Haskell Compiler",
  author = "Gamari, Ben",
  howpublished = "\url{https://www.haskell.org/ghc/}",
  note = "Accessed: 2023-6-1"
}

@INPROCEEDINGS{Meyerovich2013-pn,
  title = "Empirical analysis of programming language adoption",
  author = "Meyerovich, Leo A and Rabkin, Ariel S",
  booktitle = "Proceedings of the 2013 {ACM} {SIGPLAN} international conference on Object oriented programming systems languages \& applications",
  publisher = "Association for Computing Machinery",
  address = "New York, NY, USA",
  pages = "1--18",
  series = "OOPSLA '13",
  month =  oct,
  year =  2013,
  doi = "10.1145/2509136.2509515",
  isbn =  9781450323741
}

@ARTICLE{Becker_undated-mn,
  title = "An Exploration Of The Effects Of Enhanced Compiler Error Messages For Computer Programming Novices",
  author = "Becker, Brett A",
  pages =  130
}

@MISC{Fausak2022-zf,
  title = "2022 State of Haskell Survey Results",
  author = "Fausak, Taylor",
  month =  nov,
  year =  2022,
  howpublished = "\url{https://taylor.fausak.me/2022/11/18/haskell-survey-results/}",
  note = "Accessed: 2023-10-12"
}

@INPROCEEDINGS{Jun2000-ec,
  title = "How do people check polymorphic types?",
  author = "Jun, Yang and Michaelson, Greg and Trinder, Phil",
  booktitle = "PPIG",
  publisher = "academia.edu",
  address = "Cozenza Italy",
  pages =  6,
  year =  2000
}

@INPROCEEDINGS{Wang2015-rs,
  title = "An empirical study on the impact of Python dynamic features on change-proneness",
  author = "Wang, Beibei and Chen, Lin and Ma, Wanwangying and Chen, Zhifei and Xu, Baowen",
  pages = "134--139",
  month =  jul,
  year =  2015,
  doi = "10.18293/SEKE2015-097"
}

@INPROCEEDINGS{Barik2017-gy,
  title = "Do Developers Read Compiler Error Messages?",
  author = "Barik, Titus and Smith, Justin and Lubick, Kevin and Holmes, Elisabeth and Feng, Jing and Murphy-Hill, Emerson and Parnin, Chris",
  booktitle = "2017 {IEEE}/{ACM} 39th International Conference on Software Engineering ({ICSE})",
  publisher = "IEEE Press",
  address = "Buenos Aires, Argentina",
  pages = "575--585",
  series = "ICSE '17",
  month =  may,
  year =  2017,
  doi = "10.1109/ICSE.2017.59",
  isbn =  9781538638682
}

@ARTICLE{Ray2017-gq,
  title = "A large-scale study of programming languages and code quality in {GitHub}",
  author = "Ray, Baishakhi and Posnett, Daryl and Devanbu, Premkumar and Filkov, Vladimir",
  journal = "Commun. ACM",
  volume =  60,
  number =  10,
  pages = "91--100",
  month =  sep,
  year =  2017,
  doi = "10.1145/3126905",
  issn = "0001-0782"
}

@INPROCEEDINGS{Chen2022-vh,
  title = "Improving Type Error Reporting for Type Classes",
  author = "Chen, Sheng and Noor, Md Rabib",
  editor = "Hanus, Michael and Igarashi, Atsushi",
  booktitle = "Functional and Logic Programming",
  publisher = "Springer International Publishing",
  address = "Cham",
  pages = "19--38",
  series = "Lecture Notes in Computer Science",
  year =  2022,
  doi = "10.1007/978-3-030-99461-7\_2",
  isbn =  9783030994617
}

@INPROCEEDINGS{Mayer2012-lg,
  title = "An empirical study of the influence of static type systems on the usability of undocumented software",
  author = "Mayer, Clemens and Hanenberg, Stefan and Robbes, Romain and Tanter, Éric and Stefik, Andreas",
  booktitle = "Proceedings of the {ACM} international conference on Object oriented programming systems languages and applications",
  publisher = "Association for Computing Machinery",
  address = "New York, NY, USA",
  pages = "683--702",
  series = "OOPSLA '12",
  month =  oct,
  year =  2012,
  doi = "10.1145/2384616.2384666",
  isbn =  9781450315616
}

@INCOLLECTION{Hughes2005-bc,
  title = "Programming with Arrows",
  author = "Hughes, John",
  editor = "Vene, Varmo and Uustalu, Tarmo",
  booktitle = "Advanced Functional Programming",
  publisher = "Springer Berlin Heidelberg",
  address = "Berlin, Heidelberg",
  volume =  3622,
  pages = "73--129",
  year =  2005,
  doi = "10.1007/11546382\_2",
  isbn = "9783540285403,9783540318729"
}

@MISC{noauthor_undated-gl,
  title = "An Introduction To Generics - The Go Programming Language",
  howpublished = "\url{https://go.dev/blog/intro-generics}",
  note = "Accessed: 2023-10-13"
}

@ARTICLE{Chen2014-dz,
  title = "Counter-factual typing for debugging type errors",
  author = "Chen, Sheng and Erwig, Martin",
  journal = "ACM SIGPLAN Notices",
  volume =  49,
  number =  1,
  pages = "583--594",
  month =  jan,
  year =  2014,
  doi = "10.1145/2578855.2535863",
  issn = "0362-1340"
}

@INCOLLECTION{Justin_Lubin2021-yy,
  title = "How Statically-Typed Functional Programmers Author Code",
  author = "{Justin Lubin}",
  booktitle = "Extended Abstracts of the 2021 {CHI} Conference on Human Factors in Computing Systems",
  publisher = "Association for Computing Machinery",
  address = "New York, NY, USA",
  pages = "1--6",
  month =  may,
  year =  2021,
  doi = "10.1145/3411763.3451515",
  isbn =  9781450380959
}

@INPROCEEDINGS{Tymchuk2018-ox,
  title = "{JIT} feedback: what experienced developers like about static analysis",
  author = "Tymchuk, Yuriy and Ghafari, Mohammad and Nierstrasz, Oscar",
  booktitle = "Proceedings of the 26th Conference on Program Comprehension",
  publisher = "ACM",
  address = "Gothenburg Sweden",
  pages = "64--73",
  month =  may,
  year =  2018,
  doi = "10.1145/3196321.3196327",
  isbn =  9781450357142
}

@ARTICLE{Chitil2001-qf,
  title = "Compositional explanation of types and algorithmic debugging of type errors",
  author = "Chitil, Olaf",
  journal = "SIGPLAN Not.",
  publisher = "Association for Computing Machinery (ACM)",
  volume =  36,
  number =  10,
  pages = "193--204",
  month =  oct,
  year =  2001,
  doi = "10.1145/507669.507659",
  issn = "1558-1160",
  language = "en"
}

@INPROCEEDINGS{Gordon1994-kp,
  title = "A Tutorial on Co-induction and Functional Programming",
  author = "Gordon, Andrew D",
  booktitle = "In Glasgow Functional Programming Workshop",
  publisher = "Springer",
  pages = "78--95",
  year =  1994
}

@ARTICLE{Jones1995-lm,
  title = "A system of constructor classes: overloading and implicit higher-order polymorphism",
  author = "Jones, Mark P",
  journal = "J. Funct. Programming",
  volume =  5,
  number =  1,
  pages = "1--35",
  month =  jan,
  year =  1995,
  doi = "10.1017/S0956796800001210",
  issn = "0956-7968,1469-7653"
}

@ARTICLE{Jun2002-xp,
  title = "Explaining Polymorphic Types",
  author = "Jun, Yang and Michaelson, Greg and Trinder, Phil",
  journal = "Comput. J.",
  volume =  45,
  number =  4,
  pages = "436--452",
  month =  apr,
  year =  2002,
  doi = "10.1093/comjnl/45.4.436",
  issn = "0010-4620,1460-2067"
}

@INPROCEEDINGS{Heeren2003-kd,
  title = "Helium, for learning Haskell",
  author = "Heeren, Bastiaan and Leijen, Daan and Van IJzendoorn, Arjan",
  booktitle = "Proceedings of the 2003 {ACM} {SIGPLAN} workshop on Haskell",
  publisher = "ACM",
  address = "Uppsala Sweden",
  pages = "62--71",
  month =  aug,
  year =  2003,
  doi = "10.1145/871895.871902",
  isbn =  9781581137583
}

@INPROCEEDINGS{Kleinschmager2012-bg,
  title = "Do static type systems improve the maintainability of software systems? An empirical study",
  author = "Kleinschmager, Sebastian and Robbes, Romain and Stefik, Andreas and Hanenberg, Stefan and Tanter, Eric",
  booktitle = "2012 20th {IEEE} International Conference on Program Comprehension ({ICPC})",
  pages = "153--162",
  month =  jun,
  year =  2012,
  doi = "10.1109/ICPC.2012.6240483"
}

@ARTICLE{Lamraoui2016-wr,
  title = "A Formula-based Approach for Automatic Fault Localization of Multi-fault Programs",
  author = "Lamraoui, Si-Mohamed and Nakajima, Shin",
  journal = "Journal of Information Processing",
  volume =  24,
  number =  1,
  pages = "88--98",
  year =  2016,
  doi = "10.2197/ipsjjip.24.88",
  issn = "1882-6652"
}

@ARTICLE{Fruhwirth1998-jq,
  title = "Theory and practice of constraint handling rules",
  author = "Frühwirth, Thom",
  journal = "J. Log. Algebr. Program.",
  volume =  37,
  number =  1,
  pages = "95--138",
  month =  oct,
  year =  1998,
  doi = "10.1016/S0743-1066(98)10005-5",
  issn = "1567-8326,0743-1066"
}

@INPROCEEDINGS{Stuckey2003-pz,
  title = "Interactive type debugging in Haskell",
  author = "Stuckey, Peter J and Sulzmann, Martin and Wazny, Jeremy",
  booktitle = "Proceedings of the {ACM} {SIGPLAN} workshop on Haskell - Haskell '03",
  publisher = "ACM Press",
  address = "Uppsala, Sweden",
  pages = "72--83",
  year =  2003,
  doi = "10.1145/871895.871903",
  isbn =  9781581137583
}

@INPROCEEDINGS{Barik2016-nq,
  title = "How should static analysis tools explain anomalies to developers?",
  author = "Barik, Titus",
  booktitle = "Proceedings of the 2016 24th {ACM} {SIGSOFT} International Symposium on Foundations of Software Engineering",
  publisher = "ACM",
  address = "Seattle WA USA",
  pages = "1118--1120",
  month =  nov,
  year =  2016,
  doi = "10.1145/2950290.2983968",
  isbn =  9781450342186
}

@MISC{noauthor_undated-su,
  title = "Here We Go Again: Why Is It Difficult for Developers to Learn Another Programming Language?",
  howpublished = "\url{https://cacm.acm.org/magazines/2022/3/258915-here-we-go-again/fulltext}",
  note = "Accessed: 2022-3-10"
}

@TECHREPORT{Simon_Marlow2010-lg,
  title = "Haskell 2010 Language Report",
  author = "{Simon Marlow}",
  year =  2010
}

@MISC{noauthor_undated-wf,
  title = "Stack Overflow Developer Survey 2023",
  howpublished = "\url{https://survey.stackoverflow.co/2023/?utm\_source=social-share\&utm\_medium=social\&utm\_campaign=dev-survey-2023}",
  note = "Accessed: 2023-10-13"
}

@INPROCEEDINGS{Crichton2021-ru,
  title = "The Role of Working Memory in Program Tracing",
  author = "Crichton, Will and Agrawala, Maneesh and Hanrahan, Pat",
  booktitle = "Proceedings of the 2021 CHI Conference on Human Factors in Computing Systems",
  publisher = "Association for Computing Machinery",
  number = "Article 56",
  pages = "1--13",
  series = "CHI '21",
  month =  may,
  year =  2021,
  doi = "10.1145/3411764.3445257",
  isbn =  9781450380966
}

@ARTICLE{Ruiz2009-ws,
  title = "{TILC}: The Interactive Lambda-Calculus Tracer",
  author = "Ruiz, David and Villaret, Mateu",
  journal = "Electron. Notes Theor. Comput. Sci.",
  volume =  248,
  pages = "173--183",
  month =  aug,
  year =  2009,
  doi = "10.1016/j.entcs.2009.07.067",
  issn = "1571-0661"
}

@INPROCEEDINGS{Demoen1999-oj,
  title = "Type Constraint Solving for Parametric and Ad-hoc Polymorphism",
  author = "Demoen, Bart and Banda, Maria and Stuckey, Peter",
  booktitle = "1999 22nd Australasian Computer Science Conference",
  address = "Auckland, New Zealand",
  month =  jan,
  year =  1999
}

@INPROCEEDINGS{Watson2012-md,
  title = "{BlueFix}: Using Crowd-Sourced Feedback to Support Programming Students in Error Diagnosis and Repair",
  author = "Watson, Christopher and Li, Frederick W B and Godwin, Jamie L",
  editor = "Popescu, Elvira and Li, Qing and Klamma, Ralf and Leung, Howard and Specht, Marcus",
  booktitle = "Advances in Web-Based Learning - {ICWL} 2012",
  publisher = "Springer",
  address = "Berlin, Heidelberg",
  pages = "228--239",
  series = "Lecture Notes in Computer Science",
  year =  2012,
  doi = "10.1007/978-3-642-33642-3\_25",
  isbn =  9783642336423
}

@INPROCEEDINGS{Hudak2007-kn,
  title = "A history of Haskell: being lazy with class",
  author = "Hudak, Paul and Hughes, John and Peyton Jones, Simon and Wadler, Philip",
  booktitle = "Proceedings of the third {ACM} {SIGPLAN} conference on History of programming languages",
  publisher = "Association for Computing Machinery",
  address = "New York, NY, USA",
  pages = "12--1--12--55",
  series = "HOPL III",
  month =  jun,
  year =  2007,
  doi = "10.1145/1238844.1238856",
  isbn =  9781595937667
}

@MISC{Bekkouche2015-is,
  title = "Exploration of the scalability of {LocFaults} approach for error localization with While-loops programs",
  author = "Bekkouche, Mohammed",
  publisher = "arXiv",
  number = "arXiv:1503.05508",
  month =  mar,
  year =  2015,
  eprint = "1503.05508 [cs]",
  doi = "10.48550/arXiv.1503.05508"
}

@INPROCEEDINGS{Becker2016-kc,
  title = "An Effective Approach to Enhancing Compiler Error Messages",
  author = "Becker, Brett A",
  booktitle = "Proceedings of the 47th {ACM} Technical Symposium on Computing Science Education",
  publisher = "ACM",
  address = "Memphis Tennessee USA",
  pages = "126--131",
  month =  feb,
  year =  2016,
  doi = "10.1145/2839509.2844584",
  isbn =  9781450336857
}

@ARTICLE{Chen2020-ad,
  title = "Efficient counter-factual type error debugging",
  author = "Chen, Sheng and Wu, Baijun",
  journal = "Science of Computer Programming",
  volume =  200,
  pages =  102544,
  month =  dec,
  year =  2020,
  doi = "10.1016/j.scico.2020.102544",
  issn = "0167-6423"
}

@ARTICLE{Ahmadzadeh2005-gz,
  title = "An analysis of patterns of debugging among novice computer science students",
  author = "Ahmadzadeh, Marzieh and Elliman, Dave and Higgins, Colin",
  journal = "ACM SIGCSE Bulletin",
  volume =  37,
  number =  3,
  pages = "84--88",
  month =  sep,
  year =  2005,
  doi = "10.1145/1151954.1067472",
  issn = "0097-8418"
}

@INPROCEEDINGS{Rak-amnouykit2020-dj,
  title = "Python 3 types in the wild: a tale of two type systems",
  author = "Rak-amnouykit, Ingkarat and McCrevan, Daniel and Milanova, Ana and Hirzel, Martin and Dolby, Julian",
  booktitle = "Proceedings of the 16th {ACM} {SIGPLAN} International Symposium on Dynamic Languages",
  publisher = "ACM",
  address = "Virtual USA",
  pages = "57--70",
  month =  nov,
  year =  2020,
  doi = "10.1145/3426422.3426981",
  isbn =  9781450381758
}

@MISC{Microsoft_undated-ts,
  title = "{JavaScript} With Syntax For Types",
  author = "{Microsoft}",
  howpublished = "\url{https://www.typescriptlang.org/}",
  note = "Accessed: 2022-12-12"
}
